@online{The_Listings_Package,
author = {Carsten Heinz and Brook Moses and Jobst Hoffmann},
title = {The Listings Package},
year = {2015},
url = {http://texdoc.net/texmf-dist/doc/latex/fancyvrb/fancyvrb.pdf},
}

@book{thinkPyhton,
author = {Allen Downey},
title = {Think Python - ho to think like a computer scientist},
publisher = {Green Tea Press},
year = {2008},
pages = {1--8},
}

